@article{kohavi2009controlled,
  title={Controlled experiments on the web: survey and practical guide},
  author={Kohavi, Ron and Longbotham, Roger and Sommerfield, Dan and Henne, Randal M},
  journal={Data mining and knowledge discovery},
  volume={18},
  number={1},
  pages={140--181},
  year={2009},
  publisher={Springer}
}

@inproceedings{DBLP:conf/sigmod/GaoGOA18,
  author    = {Libo Gao and
               Lukasz Golab and
               M. Tamer {\"{O}}zsu and
               G{\"{u}}nes Alu{\c{c}}},
  title     = {Stream WatDiv: {A} Streaming {RDF} Benchmark},
  booktitle = {Proceedings of the International Workshop on Semantic Big Data, SBD@SIGMOD
               2018, Houston, TX, USA, June 10, 2018},
  pages     = {3:1--3:6},
  year      = {2018},
  crossref  = {DBLP:conf/sigmod/2018sbd},
  url       = {https://doi.org/10.1145/3208352.3208355},
  doi       = {10.1145/3208352.3208355},
  timestamp = {Wed, 21 Nov 2018 12:44:08 +0100},
  biburl    = {https://dblp.org/rec/bib/conf/sigmod/GaoGOA18},
  bibsource = {dblp computer science bibliography, https://dblp.org}
}

@proceedings{DBLP:conf/sigmod/2018sbd,
  editor    = {Sven Groppe and
               Le Gruenwald},
  title     = {Proceedings of the International Workshop on Semantic Big Data, SBD@SIGMOD
               2018, Houston, TX, USA, June 10, 2018},
  publisher = {{ACM}},
  year      = {2018},
  url       = {http://dl.acm.org/citation.cfm?id=3208352},
  timestamp = {Sun, 13 May 2018 12:24:47 +0200},
  biburl    = {https://dblp.org/rec/bib/conf/sigmod/2018sbd},
  bibsource = {dblp computer science bibliography, https://dblp.org}
}

@inproceedings{DBLP:conf/www/MinierSM19,
  author    = {Thomas Minier and
               Hala Skaf{-}Molli and
               Pascal Molli},
  title     = {SaGe: Web Preemption for Public {SPARQL} Query Services},
  booktitle = {The World Wide Web Conference, {WWW} 2019, San Francisco, CA, USA,
               May 13-17, 2019},
  pages     = {1268--1278},
  year      = {2019},
  crossref  = {DBLP:conf/www/2019},
  url       = {https://doi.org/10.1145/3308558.3313652},
  doi       = {10.1145/3308558.3313652},
  timestamp = {Sun, 02 Jun 2019 21:15:59 +0200},
  biburl    = {https://dblp.org/rec/bib/conf/www/MinierSM19},
  bibsource = {dblp computer science bibliography, https://dblp.org}
}

@proceedings{DBLP:conf/www/2019,
  editor    = {Ling Liu and
               Ryen W. White and
               Amin Mantrach and
               Fabrizio Silvestri and
               Julian J. McAuley and
               Ricardo S. Baeza{-}Yates and
               Leila Zia},
  title     = {The World Wide Web Conference, {WWW} 2019, San Francisco, CA, USA,
               May 13-17, 2019},
  publisher = {{ACM}},
  year      = {2019},
  url       = {https://doi.org/10.1145/3308558},
  doi       = {10.1145/3308558},
  isbn      = {978-1-4503-6674-8},
  timestamp = {Sun, 02 Jun 2019 21:15:59 +0200},
  biburl    = {https://dblp.org/rec/bib/conf/www/2019},
  bibsource = {dblp computer science bibliography, https://dblp.org}
}

@inproceedings{DBLP:conf/otm/HartigA16,
  author    = {Olaf Hartig and
               Carlos Buil Aranda},
  title     = {Bindings-Restricted Triple Pattern Fragments},
  booktitle = {On the Move to Meaningful Internet Systems: {OTM} 2016 Conferences
               - Confederated International Conferences: CoopIS, C{\&}TC, and
               {ODBASE} 2016, Rhodes, Greece, October 24-28, 2016, Proceedings},
  pages     = {762--779},
  year      = {2016},
  crossref  = {DBLP:conf/otm/2016},
  url       = {https://doi.org/10.1007/978-3-319-48472-3\_48},
  doi       = {10.1007/978-3-319-48472-3\_48},
  timestamp = {Sun, 02 Jun 2019 21:22:53 +0200},
  biburl    = {https://dblp.org/rec/bib/conf/otm/HartigA16},
  bibsource = {dblp computer science bibliography, https://dblp.org}
}

@inproceedings{DBLP:conf/www/GrubenmannBMS18,
  author    = {Tobias Grubenmann and
               Abraham Bernstein and
               Dmitry Moor and
               Sven Seuken},
  title     = {Financing the Web of Data with Delayed-Answer Auctions},
  booktitle = {Proceedings of the 2018 World Wide Web Conference on World Wide Web,
               {WWW} 2018, Lyon, France, April 23-27, 2018},
  pages     = {1033--1042},
  year      = {2018},
  crossref  = {DBLP:conf/www/2018},
  url       = {https://doi.org/10.1145/3178876.3186002},
  doi       = {10.1145/3178876.3186002},
  timestamp = {Wed, 21 Nov 2018 12:44:11 +0100},
  biburl    = {https://dblp.org/rec/bib/conf/www/GrubenmannBMS18},
  bibsource = {dblp computer science bibliography, https://dblp.org}
}

@proceedings{DBLP:conf/www/2018,
  editor    = {Pierre{-}Antoine Champin and
               Fabien L. Gandon and
               Mounia Lalmas and
               Panagiotis G. Ipeirotis},
  title     = {Proceedings of the 2018 World Wide Web Conference on World Wide Web,
               {WWW} 2018, Lyon, France, April 23-27, 2018},
  publisher = {{ACM}},
  year      = {2018},
  url       = {https://doi.org/10.1145/3178876},
  doi       = {10.1145/3178876},
  timestamp = {Wed, 21 Nov 2018 12:44:11 +0100},
  biburl    = {https://dblp.org/rec/bib/conf/www/2018},
  bibsource = {dblp computer science bibliography, https://dblp.org}
}

@inproceedings{morsey2011dbpedia,
  title={DBpedia SPARQL benchmark--performance assessment with real queries on real data},
  author={Morsey, Mohamed and Lehmann, Jens and Auer, S{\"o}ren and Ngomo, Axel-Cyrille Ngonga},
  booktitle={International Semantic Web Conference},
  pages={454--469},
  year={2011},
  organization={Springer}
}

@inproceedings{isem2013daiber,
  title = {Improving Efficiency and Accuracy in Multilingual Entity Extraction},
  author = {Joachim Daiber and Max Jakob and Chris Hokamp and Pablo N. Mendes},
  year = {2013},
  booktitle = {Proceedings of the 9th International Conference on Semantic Systems (I-Semantics)}
}

@incollection{hurtado2008query,
  title={Query relaxation in RDF},
  author={Hurtado, Carlos A and Poulovassilis, Alexandra and Wood, Peter T},
  booktitle={Journal on data semantics X},
  pages={31--61},
  year={2008},
  publisher={Springer}
}
